1206 1560
347 129 377 147 1v

345 164 413 195 sine
436 169 506 193 tea
526 162 656 193 nemine
679 169 732 193 aut
759 164 927 206 componi,
948 171 1001 195 aut
1028 174 1101 196 con-

345 210 400 242 fici
421 211 597 253 potuisset..
610 210 645 241 A
662 219 724 253 qua
747 212 834 244 enim
852 212 1005 242 instructa
1022 211 1101 243 adeo

344 259 398 291 vel
416 256 538 300 'insigni
555 256 752 289 bibliotheca
773 266 823 289 tot
840 257 968 290 Italicae
989 260 1100 302 Typo-

343 305 488 349 graphiae
508 306 589 336 Sacc.
609 305 686 338 XV.
705 315 917 337 monumenta
945 305 1099 349 proferri,

344 363 377 385 et
396 364 507 386 eorum
529 352 768 385 illustratoribus
788 354 1011 397 conspicienda
1030 365 1109 397 per-'

343 403 431 433 mitti
450 402 569 444 uspiam
585 403 780 444 potuissent,
798 411 879 444 quot
900 401 953 433 ille
976 403 1013 433 ab
1035 413 1098 435 una

343 451 490 482 Corsinia
510 451 620 481 Domo
634 470 644 483 ‚
663 460 718 493 pet
739 460 896 481 summam
921 449 1098 482 humanita-

343 506 410 528 tem
429 506 530 534 'tuam
548 517 558 531 ‚
586 500 748 540 acceperet
777 497 1002 540 expendenda?
1025 500 1097 541 Qa

340 543 475 588 quidem
486 548 521 576 in
534 555 566 576 re
578 553 671 577 vetus
691 546 797 576 mirari
813 546 889 576 licet
905 547 1010 588 gentis
1024 554 1096 577 tuae

341 592 525 634 literarum,
545 592 764 635 bonarumque
789 594 904 624 artium
933 593 1096 628 studium,

342 648 374 672 et
396 642 555 674 ineatum
573 640 708 672 cultores
726 638 888 683 profusam
911 641 1098 673 munificen-

341 690 437 720 tiam.
471 689 576 720 Tanta
604 689 691 719 enim
718 688 871 719 librorum
888 708 898 722 ‚
920 688 1069 720 codicum
1086 710 1096 724 ‚

340 735 515 768 tabulatum
527 747 595 767 aere
606 736 775 767 celatarum
784 755 795 770 ‚
814 735 979 768 linearium
992 736 1098 768 adum-

339 783 520 817 brationum
540 785 630 827 copia
646 783 686 815 ad
703 794 911 816 communem
923 784 1096 816 utilitatem

338 840 443 875 parata
459 852 468 866 ‚
491 843 526 863 ac
548 838 635 862 tanta
656 831 809 861 facilitate
828 843 900 862 cum
918 833 1096 865 artium‚et

337 879 500 913 literatum
512 877 657 910 studiosis
668 878 743 910 viris
755 879 989 909 communicata
997 899 1007 913 ‚
1015 878 1094 910 dum

315 944 320 948 -
337 926 484 958 homines
496 927 530 958 in
541 925 785 957 admirationem
804 927 900 968 rapit,
913 926 1093 958 beneficum

339 982 371 1006 et
381 973 536 1008 illustrem
547 972 686 1005 familiae
703 974 834 1016 genium
845 982 986 1005 ostentat
994 997 1001 1004 .
1025 977 1060 1009 N
1064 986 1094 1005 e-

297 1023 299 1026 ’
340 1033 406 1065 que
424 1033 504 1055 vero
524 1022 560 1053 ab
589 1019 646 1052 hac
673 1022 800 1065 Battum
824 1030 953 1053 tuorum
980 1023 1093 1053 semita

339 1078 372 1101 te
388 1080 585 1102 recessurum
608 1071 757 1101 timemus
768 1089 778 1103 ‚
799 1080 873 1100 narn
890 1070 1030 1103 scientiis
1048 1071 1093 1101 in-

330 1120 480 1150 *nutritus
491 1137 500 1151 ,
521 1126 554 1148 et
571 1118 692 1160 ingenii
709 1118 854 1161 acumine
870 1126 1026 1159 praestans
1038 1137 1048 1151 ,
1060 1127 1092 1148 et

335 1165 435 1209 probe
455 1166 557 1197 noscis
579 1176 675 1209 quam
691 1164 726 1196 id
744 1165 908 1197 adveram
931 1175 1093 1208 assequen‘-

337 1212 414 1245 dam
433 1213 560 1245 laudem
580 1212 763 1247 conducat,⁴
778 1221 811 1244 et
829 1212 989 1256 quidquid
1008 1223 1094 1256 prae-

335 1260 413 1299 sidii
444 1260 559 1294 literis¹¹
581 1259 765 1294 conferatur
801 1271 869 1293 non
906 1269 994 1304 potes
1026 1270 1092 1298 non
