1206 1560
403 148 408 155 ,
824 130 842 148 V

86 162 197 211 ⁵tnagni
214 166 334 199 facere.
357 164 438 198 Inde
450 162 606 209 equidem
626 163 748 196 factum
769 165 844 197 arbi-

90 224 153 247 trot
165 235 173 249 ‚
184 214 274 258 quod
291 213 365 245 haec
383 216 447 256 ipsa
458 213 608 250 codicum
627 212 845 267 librorumque

86 263 260 296 collectio,
283 272 369 304 quae.
384 263 512 303 ingenti
530 261 667 304 parentis
693 261 740 292 tui
763 271 844 293 sum-

86 319 147 353 ptu
168 321 207 341 ex
230 308 361 342 Nicolai
379 310 429 339 De
453 310 548 340 Rossi
561 307 773 340 bibliothecae
798 320 845 340 ac-

86 359 231 389 cessione
263 365 386 388 tantum
404 365 569 399 acceperat
587 357 824 388 incrementum
836 377 845 391 ‚

87 416 172 437 nova
201 407 237 436 in
260 403 329 436 dies
352 404 486 436 literaria
514 403 710 447 supellectile
738 415 846 447 augea-

87 462 139 485 tur
151 474 160 487 ‚
177 461 278 495 tuque
294 454 359 495 ipse
375 453 532 495 principes
551 450 668 495 'aliquas
691 450 846 484 editiones

86 502 218 544 privata'
233 511 306 531 cura
327 501 501 542 acquisitas·
514 502 549 531 in
570 511 638 530 eam
656 499 846 534 contuleris,

82 560 125 579 >ac
145 548 326 589 designatis
348 557 418 578 aete
440 548 554 581 cartis‚'
566 557 655 591 ‘quae
674 547 768 586 adjici
784 550 846 587 jam

88 596 237 627 adunatis
255 603 435 626 mereantur
446 616 456 630 ‚
467 596 592 626 moneri
602 596 724 638 jusseris
733 616 743 629 ‚
761 603 797 627 ut
811 597 847 627 in

86 645 125 675 iis
159 642 349 684 colligendis
379 643 523 685 ingenuo
552 650 707 686 gratoque
739 642 848 676 studio

89 690 277 722 detinearis.

136 740 168 771 Si
190 747 297 769 tamen
318 737 394 770 haec
415 739 525 770 omnia
545 737 746 773 defuissent,
766 750 848 782 quae

89 797 214 818 summa
233 794 328 820 sunt,
350 795 383 817 et
402 789 518 825 majora
534 785 672 818 fortassis
691 787 799 819 inutili
809 786 848 818 la-

90 834 164 866 bore
185 832 257 864 alibi
277 835 527 875 conquisissem3
548 844 649 864 unum
671 843 756 864 certe
784 833 848 865 fuit

89 881 181 925 quod
203 880 257 912 vel
274 881 416 912 invitum
439 879 479 911 ad
498 879 579 911 hanc
597 880 751 924 obsequii·
763 882 797 912 in
816 889 848 912 te

69 930 158 960 'mei
179 928 446 970 significationem
467 927 642 970 impulisset
658 952 665 959 .
684 929 742 959 Est
770 939 848 961 vero

88 977 230 1020 parentis
255 984 349 1018 atque
370 975 451 1007 adeo
478 973 618 1017 familiae
637 986 725 1007 meae
737 996 747 1010 ,
767 987 849 1019 quae

88 1026 124 1055 in
156 1022 377 1055 honestissima
407 1024 628 1056 Corsiniorum
658 1025 850 1066 Magnatum

91 1071 243 1104 clientela
259 1069 448 1114 fuit,atque
473 1082 536 1102 esse
558 1073 593 1114 in
618 1082 734 1102 aevum
762 1082 850 1113 pero-

91 1127 284 1163 ptat2vetus
311 1118 527 1151 observantia.
551 1119 604 1150 Illi
626 1118 852 1162 comparando-

93 1178 166 1200 rum
187 1176 219 1198 et
237 1166 549 1209 compingendorum
570 1168 697 1199 Domus
715 1176 785 1198 tuae
800 1178 851 1198 co-
877 1169 881 1172 '

94 1214 204 1247 dicum
236 1226 308 1246 cura
335 1213 398 1246 fuit
426 1214 530 1246 donec
553 1223 586 1246 et
607 1217 731 1257 gravior
752 1223 853 1248 aetas,

95 1272 127 1294 et
145 1264 349 1305 negotiorum
367 1273 563 1295 succrescens
578 1262 677 1295 moles
687 1264 722 1294 in
732 1262 768 1295 id
778 1273 853 1294 eum
