1206 1560
804 120 845 139 vn

206 173 293 210 AD
327 171 718 210 LECTOREM-

83 234 137 292 Α
143 256 242 283 Bsoluta
259 256 302 282 hac
319 256 391 291 operis
404 264 471 291 parte
493 255 586 282 clariss.
605 256 695 282 Auctor
710 276 718 287 ,
743 266 790 283 cum
817 258 842 284 in

83 302 108 325 eo
120 292 173 328 jam
193 299 265 322 esset,
281 299 305 317 ut
321 292 410 316 lectores
432 292 460 317 de
480 291 590 321 musitio,
611 292 673 327 quod
685 292 709 317 in
730 301 792 327 opere
808 301 842 318 se-

83 335 165 363 quutus
183 334 255 356 esset,
276 326 378 351 certiores
392 324 499 359 faceret,
512 326 607 361 jamque
622 335 708 361 paucos
722 327 750 352 de
769 337 795 352 ea
817 337 840 353 re

83 370 157 388 versus
176 369 309 386 exaraverat
318 380 327 391 ‚
344 370 392 386 ecce
405 361 468 391 tibi,
484 370 541 396 quae
556 370 625 386 rerum
643 361 787 387 humanarum
805 362 841 387 in-

83 396 196 423 stabilitas
214 404 248 422 est
256 415 266 426 ,
280 404 303 421 et
312 404 338 421 ut
351 395 497 431 cogitationes
508 396 633 422 mortalium
645 397 753 426 timidae,
771 405 794 422 et
804 397 839 422 in-

83 439 154 457 certae
167 439 233 461 sunt,
244 440 364 466 paucorum
381 431 464 456 dierum
480 431 570 466 opalia,
587 441 632 457 non
650 440 696 457 tam
709 432 770 457 senio
788 441 840 457 con-

76 465 167 500 fectus,
183 475 248 501 quam
270 466 362 491 assidua
386 465 503 500 laborm-115
522 473 545 491 et
563 466 687 492 meditandi
703 467 840 492 contentione

73 500 164 533 fractus
173 519 180 530 ,
192 500 228 525 vir
241 500 405 525 immortalitate
420 500 565 535 dignissimus
576 501 641 526 cessit
651 511 663 526 e
674 501 722 526 vita
730 520 736 526 .
748 501 839 526 Doluc-

80 543 132 560 runt
146 535 170 560 in
184 535 233 571 ejus
245 534 306 560 obitu
324 535 376 560 boni
391 544 465 560 omnes
482 534 611 570 quicumque
626 536 697 570 ipsum
715 544 821 561 noverant
830 556 838 567 ‚

80 569 120 595 cui
137 577 208 595 autem
218 579 262 595 non
273 569 374 604 cognitus
383 589 393 599 ,
404 579 432 594 ac
446 570 573 595 carissimus
580 569 656 603 ficit?
672 570 750 596 Nobis
766 579 838 596 autem

80 604 151 629 multo
169 604 219 638 ejus
234 604 335 629 interitus
355 604 388 633 ad
409 604 480 629 am'mi
493 613 608 630 moerorem
621 605 773 630 acerbissimus
783 605 840 630 acci·

80 638 131 668 dit,
144 639 185 673 qui
191 657 200 668 ‚
212 639 252 664 illo
266 639 348 664 amisso
356 658 365 669 ,
373 646 398 664 et
410 638 565 664 consuetudine
574 640 677 673 jucunda
688 639 784 665 hominis
801 640 839 665 hu-

80 672 224 703 manissimi‚
246 682 268 698 et
285 674 385 708 exemplo
407 674 511 698 virtutum
530 673 701 700 clarissimarum
721 673 765 698 viri
785 674 837 699 reli-

78 707 203 742 giosissimi
221 716 262 733 nos
270 708 373 742 privatos
388 708 528 733 videbamus.
547 708 671 743 Praecipue
681 716 769 738 autem,
787 718 838 734 cae-

80 750 125 767 tera
139 750 165 767 ut
180 750 264 768 taceam
272 761 279 773 ‚
287 742 428 782 Bibliotlfeca
443 751 518 768 nostra
526 743 579 774 ,cui
591 751 624 769 tot
630 744 682 778 jam
695 752 765 768 annos
771 753 837 778 prae-

80 785 125 803 erat
135 796 146 807 ,
161 786 264 812 magnam
275 787 324 812 esus
341 787 460 803 amzssmnc
471 778 585 812 jactmam
598 788 670 813 passa
684 786 732 808 est,
745 787 836 812 magno-

82 820 120 846 que
132 812 250 846 praesidio
260 830 268 842 ,
283 819 305 836 et
326 820 453 837 ornamento
475 813 580 838 destituta
592 832 598 837 .
614 813 665 838 Sed
684 813 719 838 sic
740 813 837 838 humana

80 854 128 871 sunt
139 864 148 875 ‚
168 853 190 870 et
207 854 247 870 nos
263 846 371 870 humanos
386 853 450 870 casus
457 846 552 877 fortiter
565 853 650 879 oportet
658 846 775 877 ftramus.

120 880 210 906 ·Nazus
221 888 269 905 erat
285 878 445 914 Audtffiedius
464 879 520 904 satis
536 879 627 905 honesto
645 889 725 914 genere
740 879 836 914 Saurgii

76 923 145 950 prope
164 914 276 940 Nicaeam
297 914 331 939 ad
350 914 436 939 Varum
449 933 459 943 ,
483 923 572 948 cumque
588 924 633 949 per
645 922 739 939 aetatem
754 915 834 944 licuit,

80 949 263 975 Praedicatorum
274 948 383 982 familiae
397 957 474 973 nomen
490 948 554 974 dedit
566 968 572 974 .
588 948 692 983 Petftcto
712 949 834 974 studiorum

80 993 158 1014 cursu,
175 984 208 1009 ad
220 983 357 1018 profitendus
371 1002 379 1013 ,
395 983 476 1018 quibus
494 983 609 1009 institutus
620 991 683 1014 erat,
689 982 815 1016 fitcultates
824 1003 834 1013 ‚

80 1019 176 1044 omnium
186 1014 276 1053 judicio
293 1018 386 1043 idoneus
401 1025 434 1043 est
443 1017 578 1052 judicatum
596 1018 639 1043 scd
655 1027 702 1043 cum
721 1027 777 1043 unus
793 1027 834 1043 om-

79 1053 139 1078 nium
154 1053 215 1078 inter
225 1053 328 1088 aequales
341 1052 439 1077 maxime
456 1053 585 1082 excelleret,
601 1060 623 1078 et
628 1060 719 1087 praeter
725 1061 819 1087 graecas
825 1071 840 1087 ,ἢ

80 1087 206 1122 latinusque
224 1088 325 1118 litteras,
344 1096 400 1122 quas
416 1087 535 1122 insigniter
543 1087 656 1117 callebat,
675 1087 699 1111 in
714 1086 835 1112 mathema-

80 1122 129 1148 tic1's
145 1122 272 1157 disciplinis
287 1132 331 1147 non
346 1121 483 1147 mediocriter
495 1120 641 1156 profecisset,
656 1121 730 1146 adhuc
740 1121 834 1156 juveni»⁸

78 1165 166 1191 praeter
187 1157 283 1182 omnium
308 1156 483 1191 expectationem
504 1156 661 1182 Bibliothecae
684 1155 835 1181 casanatensi

77 1191 201 1225 praefectus
216 1200 250 1217 est
260 1211 266 1217 .
284 1191 313 1216 In
326 1191 401 1216 aedem
415 1190 539 1226 sapientt'ae
555 1199 653 1225 receptus
668 1190 752 1216 nullum
763 1191 835 1225 patie-

82 1226 146 1251 batur
160 1226 220 1251 ahire
238 1226 312 1256 diem,
325 1226 380 1261 quin
394 1234 477 1256 totum,
485 1234 603 1261 postquam
621 1225 722 1260 religiosi
738 1225 834 1250 homInis

78 1260 180 1294 partibus
193 1259 339 1294 satiffecIsset
347 1279 355 1291 ‚
368 1268 409 1286 aut
424 1261 531 1295 legendo,
546 1268 587 1286 aut
597 1260 711 1286 scribendo
724 1258 834 1294 impende-
